@misc{ortools_site,
	author    = {Google},
	title     = {OR-Tools},
	url       = {https://developers.google.com/optimization},
}